001  0000018
005  20180822174436.545
008  170211s||||     bl|||||||||||||||||por|u
020    $a9788569277057
040    $aPorto Alegre$bpor
080    $2869.0(81)-1$a1997
090    $a869.0(81)-1$bA245d
100 1  $aAdún, Guellwaar
245 10 $aDesinteiro$cGuellwaar Adún
260    $aSalvador$bOgum's Toques Negros$c2016
300    $a164 p.
650    $aPoesia
650    $aPoesia Negra
650    $aPoesia Afro-brasileira
650    $aLiteratura basileira
650    $aPoemas
